<?xml version="1.0" encoding="UTF-8"?><collection><record><leader>05315ntm a2200553 a 4500</leader><controlfield tag="001">006796266</controlfield><controlfield tag="003">MiAaHDL</controlfield><controlfield tag="005">20190719000000.0</controlfield><controlfield tag="006">m        d        </controlfield><controlfield tag="007">cr bn ---auaua</controlfield><controlfield tag="008">090521q16901731xx            00| ||ara d</controlfield><datafield tag="035" ind1=" " ind2=" "><subfield code="a">(MiU)006796266</subfield></datafield><datafield tag="035" ind1=" " ind2=" "><subfield code="a">sdr-miu006796266</subfield></datafield><datafield tag="040" ind1=" " ind2=" "><subfield code="a">MiU</subfield><subfield code="c">MiU</subfield><subfield code="e">amremm</subfield></datafield><datafield tag="043" ind1=" " ind2=" "><subfield code="a">n-us-mi</subfield></datafield><datafield tag="245" ind1="0" ind2="0"><subfield code="6">880-03</subfield><subfield code="a">[Calligraphic specimen,</subfield><subfield code="f">late 17th or early 18th century].</subfield></datafield><datafield tag="260" ind1=" " ind2=" "><subfield code="c">[1690-1731].</subfield></datafield><datafield tag="300" ind1=" " ind2=" "><subfield code="a">6 leaves :</subfield><subfield code="b">paper ;</subfield><subfield code="c">167 x 239 (121 x 198) mm.</subfield></datafield><datafield tag="500" ind1=" " ind2=" "><subfield code="a">Shelfmark: Ann Arbor, University of Michigan, Special Collections Library, Isl. Ms. 234</subfield></datafield><datafield tag="500" ind1=" " ind2=" "><subfield code="a">Origin: As appears in colophon, executed by al-Sayyid ʻAbd Allāh, likely Seyyid Abdullah of Yedikule (d.1731), who was a favorite pupil of the celebrated calligrapher Hafız Osman Efendi (d.1698). He received his icazet in 1102 [1690 or 91] and died around 1144 [1731]. Undated but most likely executed between 1690 and 1731.</subfield></datafield><datafield tag="500" ind1=" " ind2=" "><subfield code="a">Former shelfmark: "109" inscribed in pencil at opening ; "542 T. De M. [i.e. Tammaro De Marinis]" inscribed in pencil on hinge of lower cover.</subfield></datafield><datafield tag="500" ind1=" " ind2=" "><subfield code="a">Binding: Pasteboards covered in dark brown leather ; Type III binding (without flap) ; board linings (doublures) in marbled paper (mainly in pink, brown, yellow, blue, and white) ; upper and lower covers carry incised and gold-painted (with red leather inlay) symmetrical scalloped panel resembling four-lobed flower or lozenge with domes emerging from the long edges, as well as tooled border in a series of s-shaped stamps with gold-painted accents ; panels hinged together with dark brown leather ; in somewhat poor but fair condition with significant staining, some abrasion and lifting of leather, etc.</subfield></datafield><datafield tag="500" ind1=" " ind2=" "><subfield code="a">Support: Well-burnished European laid paper mounted on heavy laid paper (roughly 8 laid lines per cm.) with marbled frame (several variations in dark green, red, light blue, yellow, dark lavender, etc. ; papers of facing panels match).</subfield></datafield><datafield tag="500" ind1=" " ind2=" "><subfield code="a">Decoration: Written area and panels within surrounded by frame consisting of heavy and narrow gold bands outlined in black fillets ; textual dividers in the form illuminated rosettes with red and blue accents.</subfield></datafield><datafield tag="500" ind1=" " ind2=" "><subfield code="a">Script: Exquisite specimen of Ottoman calligraphy ; opening line of each page in fine thuluth ; five centered lines thereafter in naskh ; fully vocalized.</subfield></datafield><datafield tag="500" ind1=" " ind2=" "><subfield code="a">Layout: Written in 6 lines per page, one large line in thuluth and five more compact lines in naskh ; written area divided to upper panel (accomodating the large line) and centered lower panel (for the shorter lines) ; opens vertically with writing parallel to spine.</subfield></datafield><datafield tag="500" ind1=" " ind2=" "><subfield code="a">Collation: Six 'panels' (two leaves each) hinged together ; 'pagination' in black ink, Hindu-Arabic numerals, appears toward the left of each panel apart from the last.</subfield></datafield><datafield tag="500" ind1=" " ind2=" "><subfield code="a">Colophon: "Scribal," reads: "كتبه العبد الفقير الى رحمة ربه القدير السيد عبد الله رضي عنه مولاه"</subfield></datafield><datafield tag="500" ind1=" " ind2=" "><subfield code="a">Explicit: "اللهم صل وسلم على نبي الرحمة وشفيع الامة الضعيفة محمد واله الطيبين الطاهرين اجمعين"</subfield></datafield><datafield tag="500" ind1=" " ind2=" "><subfield code="a">Incipit: "روي عن ابي سعيد الخدري رضي الله تعالى عنه قال قال رسول الله صلى الله عليه وسلم الا ان رجب شهر الله الاصم فمن صام من رجب يوما ايمانا واحتسابا استوجب رضوان الله الاكبر ..."</subfield></datafield><datafield tag="500" ind1=" " ind2=" "><subfield code="a">Title supplied by cataloguer.</subfield></datafield><datafield tag="500" ind1=" " ind2=" "><subfield code="a">Ms. codex.</subfield></datafield><datafield tag="510" ind1="4" ind2=" "><subfield code="a">Serin, Muhittin. “Amerika Birleşik Devletleri’ndeki Bazı Kütüphanelerde Bulunan İslam El Yazma Eserleri ve Michigan Üniversitesi II. Abdülhamid Koleksiyonu,” Akademik Araştırmalar Dergisi 2, 4-5, (2000).</subfield></datafield><datafield tag="510" ind1="4" ind2=" "><subfield code="a">Derman, M. Uğur. Letters in gold : Ottoman calligraphy from the Sakıp Sabancı collection, Istanbul. (New York : Metropolitian Museum of Art : Distributed by H.N. Abrams, c1998),</subfield><subfield code="c">p.78</subfield></datafield><datafield tag="520" ind1="8" ind2=" "><subfield code="a">Fine album of calligraphy (muraqqaʻ or murakkaa) employing the text of assorted ḥadīth, executed by the renowned Ottoman calligrapher Seyyid Abdullah of Yedikule (d.1731), favorite pupil of the celebrated calligrapher Hafız Osman Efendi (d.1698).</subfield></datafield><datafield tag="538" ind1=" " ind2=" "><subfield code="a">Mode of access: Internet.</subfield></datafield><datafield tag="541" ind1=" " ind2=" "><subfield code="c">Purchase ;</subfield><subfield code="a">Acquired by purchase (funds donated by Horace Rackham).</subfield><subfield code="d">1924.</subfield></datafield><datafield tag="546" ind1=" " ind2=" "><subfield code="a">Arabic.</subfield></datafield><datafield tag="561" ind1=" " ind2=" "><subfield code="a">Inscriptions in pencil at opening "109" and on hinge of lower cover "542 T. De M. [i.e. Tammaro De Marinis]" ; at least one 'marginal' correction.</subfield></datafield><datafield tag="650" ind1=" " ind2="0"><subfield code="a">Manuscripts, Arabic</subfield><subfield code="z">Michigan</subfield><subfield code="z">Ann Arbor.</subfield></datafield><datafield tag="650" ind1=" " ind2="0"><subfield code="a">Islamic calligraphy</subfield><subfield code="v">Specimens.</subfield></datafield><datafield tag="650" ind1=" " ind2="0"><subfield code="a">Writing, Arabic</subfield><subfield code="v">Specimens.</subfield></datafield><datafield tag="650" ind1=" " ind2="0"><subfield code="a">Calligraphy, Arabic</subfield><subfield code="v">Specimens.</subfield></datafield><datafield tag="650" ind1=" " ind2="0"><subfield code="a">Hadith</subfield><subfield code="v">Texts</subfield><subfield code="v">Early works to 1800.</subfield></datafield><datafield tag="700" ind1="0" ind2=" "><subfield code="a">Abdülhamid</subfield><subfield code="b">II,</subfield><subfield code="c">Sultan of the Turks,</subfield><subfield code="d">1842-1918,</subfield><subfield code="e">former owner.</subfield></datafield><datafield tag="700" ind1="0" ind2=" "><subfield code="6">880-04</subfield><subfield code="a">Yedikuleli Seyit Abdullah,</subfield><subfield code="d">d. 1731,</subfield><subfield code="e">calligrapher.</subfield></datafield><datafield tag="773" ind1="0" ind2=" "><subfield code="a">Abdul Hamid Collection.</subfield></datafield><datafield tag="880" ind1="0" ind2=" "><subfield code="6">700-04/</subfield><subfield code="a">يدى قله لى سيد عبد الله،</subfield><subfield code="e">خطاط.</subfield></datafield><datafield tag="880" ind1="0" ind2="0"><subfield code="6">245-03/</subfield><subfield code="a">[مرقع حسن الخط,</subfield><subfield code="f">اواخر القرن 17 او اوائل القرن 18م].</subfield></datafield><datafield tag="CID" ind1=" " ind2=" "><subfield code="a">006796266</subfield></datafield><datafield tag="DAT" ind1="0" ind2=" "><subfield code="a">20190719102636.0</subfield><subfield code="b">20190719000000.0</subfield></datafield><datafield tag="DAT" ind1="1" ind2=" "><subfield code="a">20190719090653.0</subfield><subfield code="b">2019-07-19T16:11:18Z</subfield></datafield><datafield tag="DAT" ind1="2" ind2=" "><subfield code="a">2015-10-02T18:00:03Z</subfield></datafield><datafield tag="CAT" ind1=" " ind2=" "><subfield code="a">SDR-MIU</subfield><subfield code="d">EX LIBRIS - ALEPH</subfield><subfield code="l">prepare.pl-004-008</subfield></datafield><datafield tag="FMT" ind1=" " ind2=" "><subfield code="a">BK</subfield></datafield><datafield tag="HOL" ind1=" " ind2=" "><subfield code="0">sdr-miu006796266</subfield><subfield code="a">MiU</subfield><subfield code="b">SDR</subfield><subfield code="c">MIU</subfield><subfield code="p">mdp.39015079126077</subfield><subfield code="s">MIU</subfield><subfield code="1">006796266</subfield></datafield><datafield tag="974" ind1=" " ind2=" "><subfield code="b">MIU</subfield><subfield code="c">MIU</subfield><subfield code="d">20190719</subfield><subfield code="s">lit-dlps-dc</subfield><subfield code="u">mdp.39015079126077</subfield><subfield code="y">1731</subfield><subfield code="r">pd</subfield><subfield code="q">bib</subfield><subfield code="t">non-US bib date2 &lt; 1879</subfield></datafield></record></collection>